<record><leader>00000cas a22000007a 4500</leader><controlfield tag="001">15207025</controlfield><controlfield tag="008">870218d18751uuumoucr ne      0    0eng d</controlfield><datafield ind1=" " ind2=" " tag="010"><subfield code="a">sn 87052207 </subfield></datafield><datafield ind1=" " ind2=" " tag="040"><subfield code="a">NPX</subfield><subfield code="b">eng</subfield><subfield code="c">NPX</subfield><subfield code="d">MQN</subfield><subfield code="d">NVF</subfield><subfield code="d">OCLCQ</subfield><subfield code="d">DLC</subfield></datafield><datafield ind1=" " ind2=" " tag="042"><subfield code="a">msc</subfield></datafield><datafield ind1="0" ind2=" " tag="130"><subfield code="a">St. Louis globe-Democrat (Saint Louis, Mo. : Semiweekly)</subfield></datafield><datafield ind1="1" ind2="0" tag="245"><subfield code="a">St. Louis globe-Democrat.</subfield></datafield><datafield ind1="3" ind2="0" tag="246"><subfield code="a">Saint Louis globe-Democrat</subfield></datafield><datafield ind1="1" ind2="7" tag="246"><subfield code="a">St. Louis daily globe-Democrat</subfield></datafield><datafield ind1="3" ind2="0" tag="246"><subfield code="a">Saint Louis daily globe-Democrat</subfield></datafield><datafield ind1=" " ind2=" " tag="260"><subfield code="a">St. Louis [Mo.] :</subfield><subfield code="b">Globe Print. Co.</subfield></datafield><datafield ind1=" " ind2=" " tag="300"><subfield code="a">v.</subfield></datafield><datafield ind1=" " ind2=" " tag="310"><subfield code="a">Semiweekly</subfield></datafield><datafield ind1="1" ind2=" " tag="362"><subfield code="a">Began in 1875?</subfield></datafield><datafield ind1=" " ind2=" " tag="580"><subfield code="a">Weekly eds.: Weekly globe-Democrat (Saint Louis, Mo. : 1875), 1875, and: St. Louis globe-Democrat (Saint Louis, Mo. : Weekly), 1875-1876, and: Weekly globe-Democrat (Saint Louis, Mo. : 1876), 1876-&lt;1901&gt;.</subfield></datafield><datafield ind1=" " ind2=" " tag="580"><subfield code="a">Daily ed.: St. Louis globe-Democrat (Saint Louis, Mo. : 1875), 1875-&lt;1901&gt;.</subfield></datafield><datafield ind1=" " ind2=" " tag="588"><subfield code="a">Description based on: New ser., vol. 2, no. 122 (Sept. 19, 1876).</subfield></datafield><datafield ind1=" " ind2=" " tag="752"><subfield code="a">United States</subfield><subfield code="b">Missouri</subfield><subfield code="d">Saint Louis.</subfield></datafield><datafield ind1="1" ind2=" " tag="775"><subfield code="t">Weekly globe-Democrat (Saint Louis, Mo. : 1875)</subfield><subfield code="w">(DLC)sn 87052216</subfield></datafield><datafield ind1="1" ind2=" " tag="775"><subfield code="t">St. Louis globe-Democrat (Saint Louis, Mo. : Weekly)</subfield><subfield code="w">(DLC)sn 87052206</subfield></datafield><datafield ind1="1" ind2=" " tag="775"><subfield code="t">Weekly globe-Democrat (Saint Louis, Mo. : 1876)</subfield><subfield code="w">(DLC)sn 84020171</subfield></datafield><datafield ind1="1" ind2=" " tag="775"><subfield code="t">St. Louis globe-Democrat (Saint Louis, Mo. : 1875)</subfield><subfield code="x">2574-6642</subfield><subfield code="w">(DLC)sn 83045405</subfield><subfield code="w">(OCoLC)9459059</subfield></datafield></record>